<?xml version="1.0" encoding="UTF-8"?><collection xmlns="http://www.loc.gov/MARC21/slim"><record><leader>00400nam--2200133-i-4500</leader><controlfield tag="001">000032313</controlfield><controlfield tag="002">20161230</controlfield><controlfield tag="005">20161230201039</controlfield><controlfield tag="008">060222s1000------------r-----000-0-eng-d</controlfield><datafield ind1=" " ind2=" " tag="080"><subfield code="a">537.533.35(061.3)</subfield></datafield><datafield ind1=" " ind2=" " tag="245"><subfield code="a">Microscopic electronique 1970. resumes de communications presentees au..</subfield></datafield><datafield ind1=" " ind2=" " tag="260"><subfield code="a">Paris, Societe Francaise De Microscoopie Electronique, 1970</subfield></datafield><datafield ind1=" " ind2=" " tag="700"><subfield code="a">Pierre Favard</subfield></datafield><datafield ind1=" " ind2=" " tag="852"><subfield code="a">40754</subfield></datafield></record></collection>